
=LDR  00000nam a2200000Mi 4500
=001  1289095729
=005  20211217002858.3
=008  950316s1884    xx           f000 0 eng d
=040  \\$aAGL$beng$eRDA$cAGL
=016  7\$aCAT10900958$2DNAL
=043  \\$an-us---$an-us-ak
=070  0\$a157.4$bC10 v.8
=072  \0$aX100
=072  \0$aX700
=086  0\$aI 11.5:8
=049  \\$aAGLL
=110  1\$aUnited States.$b10th Census, 1880.
=245  14$aThe newspaper and periodical press /$cby S.N.D. North. Alaska : it's population, industries, and resources / by Peter Petroff. The Seal Islands of Alaska / by Henry W. Elliott. The shipbuilding industry in the United States / by Henry Hall.
=246  3\$aAlaska: its population, industries, and resources
=246  3\$aSeal islands of Alaska
=246  3\$aShipbuilding industry in the United States
=260  \\$c1884.
=264  \1$a[Washington, D.C.] :$bDepartment of the Interior :$bCensus Office,$c[1884]
=264  \3$aWashington :$bGovernment Printing Office,$c1884.
=300  \\$a1 v.
=300  \\$a1 online resource (4 volumes in 1) :$billustrations, maps
=336  \\$atext$btxt$2rdacontent
=337  \\$acomputer$bc$2rdamedia
=338  \\$aonline resource$bcr$2rdacarrier
=500  \\$aPublication pre-dates item numbers. No item number has been assigned.
=504  \\$aIncludes bibliographical references and index.
=588  0\$aOnline resource, PDF version; title from cover (Census, viewed October 25, 2019).
=650  \3$amarket analysis.
=650  \3$aeconomics.
=650  \3$amathematics and statistics.
=650  \0$aPress$zUnited States.
=650  \0$aNewspapers.
=650  \0$aPeriodicals.
=651  \0$aAlaska$xDescription and travel.
=651  \0$aAlaska$xPopulation.
=650  \0$aIndustries$zAlaska.
=651  \0$aPribilof Islands (Alaska)
=650  \0$aSeals (Animals)$zAlaska$zPribilof Islands.
=650  \0$aSealing$zAlaska$zPribilof Islands.
=650  \0$aShipbuilding$zUnited States.
=650  \0$aShipbuilding industry$zUnited States.
=650  \6$aPresse.$0(CaQQLa)201-0025284$zÉtats-Unis.$0(CaQQLa)201-0407727
=650  \6$aJournaux.$0(CaQQLa)201-0025283
=650  \6$aPériodiques.$0(CaQQLa)201-0058053
=651  \6$aAlaska$xDescriptions et voyages.$0(CaQQLa)201-0112423
=651  \6$aAlaska.$0(CaQQLa)201-0100885$xPopulation.$0(CaQQLa)201-0380122
=650  \6$aIndustrie.$0(CaQQLa)201-0004805$zAlaska.$0(CaQQLa)201-0460551
=651  \6$aPribilof, Îles (Alaska)$0(CaQQLa)201-0141517
=650  \6$aPhoques.$0(CaQQLa)201-0042428$zAlaska$0(CaQQLa)201-0461152$zPribilof, Îles.$0(CaQQLa)201-0461152
=650  \6$aPhoques.$0(CaQQLa)201-0049530$xChasse$0(CaQQLa)201-0049530$zAlaska$0(CaQQLa)201-0461152$zPribilof, Îles.$0(CaQQLa)201-0461152
=650  \6$aConstruction navale.$0(CaQQLa)201-0019689$zÉtats-Unis.$0(CaQQLa)201-0407727
=650  \6$aConstruction navale.$0(CaQQLa)201-0143821$xIndustrie$0(CaQQLa)201-0143821$zÉtats-Unis.$0(CaQQLa)201-0407727
=650  \7$anewspapers.$2aat$0(CStmoGRI)aat300026656
=650  \7$aperiodicals.$2aat$0(CStmoGRI)aat300026657
=650  \7$aIndustries.$2fast$0(OCoLC)fst00971852
=650  \7$aNewspapers.$2fast$0(OCoLC)fst01037111
=650  \7$aPeriodicals.$2fast$0(OCoLC)fst01058072
=650  \7$aPopulation.$2fast$0(OCoLC)fst01071476
=650  \7$aPress.$2fast$0(OCoLC)fst01075837
=650  \7$aSealing.$2fast$0(OCoLC)fst01110280
=650  \7$aSeals (Animals)$2fast$0(OCoLC)fst01110307
=650  \7$aShipbuilding.$2fast$0(OCoLC)fst01116224
=650  \7$aShipbuilding industry.$2fast$0(OCoLC)fst01116272
=650  \7$aTravel.$2fast$0(OCoLC)fst01155558
=651  \7$aAlaska.$2fast$0(OCoLC)fst01204480
=651  \7$aAlaska$zPribilof Islands.$2fast$0(OCoLC)fst01246049
=651  \7$aUnited States.$2fast$0(OCoLC)fst01204155
=700  12$iContainer of (work):$a North, S. N. D.$q (Simon Newton Dexter),$d 1849-1924.$tNewspaper and periodical press. 
=700  1\$iContainer of (work):$a Petroff, Ivan,$d 1842- 
=700  12$aElliott, Henry Wood,$d 1846-1930.$tSeal Islands of Alaska. 
=700  1\$aHall, Henry,$d 1845-1920. 
=710  1\$aUnited States.$bCensus Office,$eissuing body.
=710  1\$aUnited States.$bDepartment of the Interior,$eissuing body.
=776  08$iPrint version:$aUnited States. Census Office. 10th census, 1880.$tNewspaper and periodical press$w(OCoLC)12364551
=856  40$uhttps://purl.fdlp.gov/GPO/gpo127503$70
=856  4\$uhttps://www2.census.gov/prod2/decennial/documents/1880a_v8-01.pdf$zAddress at time of PURL creation




