=LDR  00000cam a22000003i 4500
=001  71086662
=005  20221005155549.3
=008  950315s1935    wau     o    s000 0 eng d
=040  \\$aAGL$beng$cAGL$dOCLCO$dOCLCQ$dOCLCO$dAGL
=016  7\$aCAT10904592$2DNAL
=043  \\$an-us-wa
=070  0\$a280.7$bW276
=072  \0$aX700
=049  \\$aAGLL
=110  2\$aWashington State Planning Council.$bCommittee on New Industries.
=245  10$aPreliminary report on new industries.
=260  \\$a[Olympia],$c1935.
=300  \\$a1 v. (40 unnumbered leaves)
=336  \\$atext$btxt$2rdacontent
=337  \\$aunmediated$bn$2rdamedia
=338  \\$avolume$bnc$2rdacarrier
=650  \0$aIndustries$zWashington (State)
=650  \7$aindustries (organizations)$2aat$0(CStmoGRI)aat300025995
=650  \7$aindustry (economic concept)$2aat$0(CStmoGRI)aat300055718
=650  \7$aIndustries.$2fast$0(OCoLC)fst00971852
=776  08$iOnline version:$aWashington State Planning Council. Division of New Industries.$tPreliminary report on new industries.$d[Olympia] 1935$w(OCoLC)952419200
=856  41$3HathiTrust Digital Library$uhttp://catalog.hathitrust.org/api/volumes/oclc/41802650.html

