=LDR  00000cam a22000003  4500
=001  39149676
=005  20221011195804.9
=008  980520s1918    ilua     bm   000 0 eng d
=040  \\$aNYP$beng$cNYP$dAGL$dOCLCQ$dOCLCO$dOCLCF$dOCLCQ$dOCLCO$dOCLCQ$dAGL
=016  7\$aCAT10909071$2DNAL
=043  \\$an-us---
=070  0\$a284.2$bL32
=072  \0$aE100
=072  \0$aL100
=049  \\$aAGLL
=100  1\$aLarmer, Forrest M.$q(Forrest Mabry)
=245  15$a"The cattle loan company" ... /$cby Forrest M. Larmer.
=260  \\$aChicago,$c1918.
=300  \\$aii, 95, vi f. including tables ;$c4to
=336  \\$atext$btxt$2rdacontent
=337  \\$aunmediated$bn$2rdamedia
=338  \\$avolume$bnc$2rdacarrier
=502  \\$cUniversity of Chicago$d1918
=500  \\$aTypewritten.
=502  \\$aDissertation, Univ. of Chicago, 1918.
=504  \\$aBibliography, f. i-vi.
=650  \0$aCattle trade$zUnited States.
=650  \0$aAnimal industry$zUnited States$xFinance.
=650  \0$aAgricultural credit$zUnited States.
=650  \4$aCattle$xTrade and Industry$zUnited States.
=650  \4$aCattle loan companies.
=655  \7$aAcademic theses.$2fast$0(OCoLC)fst01726453
=655  \7$aAcademic theses.$2lcgft
=655  \7$aThèses et écrits académiques.$2rvmgf$0(CaQQLa)RVMGF-000001173









